@article{https://doi.org/10.1111/j.1467-9639.1998.tb00752.x,
author = {Matthews, Robert and Stones, Fiona},
title = {Coincidences: the truth is out there},
journal = {Teaching Statistics},
volume = {20},
number = {1},
pages = {17-19},
keywords = {Teaching, Probability, Birthday paradox, Coincidences},
doi = {https://doi.org/10.1111/j.1467-9639.1998.tb00752.x},
url = {https://onlinelibrary.wiley.com/doi/abs/10.1111/j.1467-9639.1998.tb00752.x},
eprint = {https://onlinelibrary.wiley.com/doi/pdf/10.1111/j.1467-9639.1998.tb00752.x},
abstract = {Summary We give a simple way of demonstrating that coincidences really are “out there”, as probability theory predicts- if we take the trouble to look.},
year = {1998}
}

